@INPROCEEDINGS{7391433,
  author={Geman, Oana and Chiuchisan, Iuliana},
  booktitle={2015 E-Health and Bioengineering Conference (EHB)}, 
  title={Deep brain stimulation efficiency and Parkinson's disease stage prediction using Markov models}, 
  year={2015},
  volume={},
  number={},
  pages={1-4},
  doi={10.1109/EHB.2015.7391433}}


@INPROCEEDINGS{10047447,
  author={S, Sandhiya and S, Ashok. and Rao, G. Vishnu Vardhan and V, Prabhu and Mohanraj, K. and Azhagumurugan, R.},
  booktitle={2022 International Conference on Power, Energy, Control and Transmission Systems (ICPECTS)}, 
  title={Parkinson's Disease Prediction Using Machine Learning Algorithm}, 
  year={2022},
  volume={},
  number={},
  pages={1-5},
  doi={10.1109/ICPECTS56089.2022.10047447}}


@INPROCEEDINGS{9971828,
  author={Umar, Md. Mosharraf and Naaz, Sameena},
  booktitle={2022 IEEE 3rd Global Conference for Advancement in Technology (GCAT)}, 
  title={Classification Using Radial Basis Function for Prediction of Parkinson's Disease}, 
  year={2022},
  volume={},
  number={},
  pages={1-6},
  doi={10.1109/GCAT55367.2022.9971828}}


@INPROCEEDINGS{9298033,
  author={Kumar, Tapan and Sharma, Pradyumn and Prakash, Nupur},
  booktitle={2020 11th IEEE Annual Ubiquitous Computing, Electronics & Mobile Communication Conference (UEMCON)}, 
  title={Comparison of Machine learning models for Parkinson’s Disease prediction}, 
  year={2020},
  volume={},
  number={},
  pages={0195-0199},
  doi={10.1109/UEMCON51285.2020.9298033}}


@INPROCEEDINGS{10007434,
  author={Dixit, Sahaja and Gaikwad, Akash and Vyas, Vibha and Shindikar, Mahesh and Kamble, Ketaki},
  booktitle={2022 International Conference on Signal and Information Processing (IConSIP)}, 
  title={United Neurological study of disorders: Alzheimer's disease, Parkinson's disease detection, Anxiety detection, and Stress detection using various Machine learning Algorithms}, 
  year={2022},
  volume={},
  number={},
  pages={1-6},
  doi={10.1109/ICoNSIP49665.2022.10007434}}

@INPROCEEDINGS{9493456,
  author={Ouhmida, Asmae and Terrada, Oumaima and Raihani, Abdelhadi and Cherradi, Bouchaib and Hamida, Soufiane},
  booktitle={2021 International Congress of Advanced Technology and Engineering (ICOTEN)}, 
  title={Voice-Based Deep Learning Medical Diagnosis System for Parkinson's Disease Prediction}, 
  year={2021},
  volume={},
  number={},
  pages={1-5},
  doi={10.1109/ICOTEN52080.2021.9493456}}


@INPROCEEDINGS{9763618,
  author={Fang, Zhaozhao},
  booktitle={2022 International Conference on Machine Learning and Knowledge Engineering (MLKE)}, 
  title={Improved KNN algorithm with information entropy for the diagnosis of Parkinson's disease}, 
  year={2022},
  volume={},
  number={},
  pages={98-101},
  doi={10.1109/MLKE55170.2022.00024}}



@INPROCEEDINGS{9315926,
  author={JOSI, RHEA MARY and MINU, R. I.},
  booktitle={2020 3rd International Conference on Intelligent Sustainable Systems (ICISS)}, 
  title={Review of computational approaches to Parkinson’s disease gene prediction}, 
  year={2020},
  volume={},
  number={},
  pages={780-788},
  doi={10.1109/ICISS49785.2020.9315926}}

@INPROCEEDINGS{9456292,
  author={Raundale, Pooja and Thosar, Chetan and Rane, Shardul},
  booktitle={2021 2nd International Conference for Emerging Technology (INCET)}, 
  title={Prediction of Parkinson’s disease and severity of the disease using Machine Learning and Deep Learning algorithm}, 
  year={2021},
  volume={},
  number={},
  pages={1-5},
  doi={10.1109/INCET51464.2021.9456292}}


@INPROCEEDINGS{9065876,
  author={Sharma, Vartika and Kaur, Sizman and Kumar, Jitendra and Singh, Ashutosh Kumar},
  booktitle={2019 International Conference on Intelligent Computing and Control Systems (ICCS)}, 
  title={A Fast Parkinson’s Disease Prediction Technique using PCA and Artificial Neural Network}, 
  year={2019},
  volume={},
  number={},
  pages={1491-1496},
  doi={10.1109/ICCS45141.2019.9065876}}


@INPROCEEDINGS{10032519,
  author={Helmy, Marwa and Mekky, Nagham and Soliman, Hassan and Elmogy, Mohammed and Eldaydamony, Eman},
  booktitle={2022 18th International Computer Engineering Conference (ICENCO)}, 
  title={Enhanced Parkinson’s Disease Genes Prediction}, 
  year={2022},
  volume={1},
  number={},
  pages={114-118},
  doi={10.1109/ICENCO55801.2022.10032519}}


  @INPROCEEDINGS{9791490,
  author={Patnaik, Debasis and Henriques, Mavis and Laurel, Ashin},
  booktitle={2022 Interdisciplinary Research in Technology and Management (IRTM)}, 
  title={Prediction of Parkinson's Disorder: A Machine Learning Approach}, 
  year={2022},
  volume={},
  number={},
  pages={01-03},
  doi={10.1109/IRTM54583.2022.9791490}}


@INPROCEEDINGS{9230918,
  author={Neehal, Ahmed Hasin and Azam, Md. Nura and Islam, Md. Sazzadul and Hossain, Md. Ishrak and Parvez, Mohammad Zavid},
  booktitle={2020 IEEE Region 10 Symposium (TENSYMP)}, 
  title={Prediction of Parkinson's Disease by Analyzing fMRI Data and using Supervised Learning}, 
  year={2020},
  volume={},
  number={},
  pages={362-365},
  doi={10.1109/TENSYMP50017.2020.9230918}}


@INPROCEEDINGS{8365279,
  author={Aich, Satyabrata and Sain, Mangal and Park, Jinse and Choi, Ki-Won and Kim, Hee-Cheol},
  booktitle={2017 International Conference on Inventive Computing and Informatics (ICICI)}, 
  title={A mixed classification approach for the prediction of Parkinson's disease using nonlinear feature selection technique based on the voice recording}, 
  year={2017},
  volume={},
  number={},
  pages={959-962},
  doi={10.1109/ICICI.2017.8365279}}


@INPROCEEDINGS{9864672,
  author={Nakkaş, Beyza Nur},
  booktitle={2022 30th Signal Processing and Communications Applications Conference (SIU)}, 
  title={Feature Selection and SMOTE Based Recommendation for Parkinson's Imbalanced Dataset Prediction Problem}, 
  year={2022},
  volume={},
  number={},
  pages={1-4},
  doi={10.1109/SIU55565.2022.9864672}}


@INPROCEEDINGS{5545301,
  author={Bakar, Zahari Abu and Tahir, Nooritawati Md and Yassin, Ihsan M.},
  booktitle={2010 6th International Colloquium on Signal Processing & its Applications}, 
  title={Classification of Parkinson's disease based on Multilayer Perceptrons Neural Network}, 
  year={2010},
  volume={},
  number={},
  pages={1-4},
  doi={10.1109/CSPA.2010.5545301}}

@INPROCEEDINGS{9832191,
  author={Wang, Xiumei and Chen, Xinghong and Wang, Qinga and Chen, Guannan},
  booktitle={2022 IEEE 2nd International Conference on Software Engineering and Artificial Intelligence (SEAI)}, 
  title={Early Diagnosis of Parkinson's Disease with Speech Pronunciation Features Based on XGBoost Model}, 
  year={2022},
  volume={},
  number={},
  pages={209-213},
  doi={10.1109/SEAI55746.2022.9832191}}

@INPROCEEDINGS{7749257,
  author={Uehara, Akira and Kawamoto, Hiroaki and Sankai, Yoshiyuki},
  booktitle={2016 55th Annual Conference of the Society of Instrument and Control Engineers of Japan (SICE)}, 
  title={Development of gait assist method for parkinson's disease patients with FOG in walking}, 
  year={2016},
  volume={},
  number={},
  pages={1502-1507},
  doi={10.1109/SICE.2016.7749257}}


@INPROCEEDINGS{8961441,
  author={Li, Li and Shen, Linyong and Song, Wei and Wu, Xi and Ren, Qinqing},
  booktitle={2019 IEEE International Conference on Robotics and Biomimetics (ROBIO)}, 
  title={Synchronization Method for EEG Signals of Body Movements in Patients with Parkinson's Disease}, 
  year={2019},
  volume={},
  number={},
  pages={2456-2460},
  doi={10.1109/ROBIO49542.2019.8961441}}


@INPROCEEDINGS{6944530,
  author={Handojoseno, A. M. Ardi and Shine, James M. and Gilat, Moran and Nguyen, Tuan N. and Tran, Yvonne and Lewis, Simon J.G. and Nguyen, Hung T.},
  booktitle={2014 36th Annual International Conference of the IEEE Engineering in Medicine and Biology Society}, 
  title={Prediction of freezing of gait using analysis of brain effective connectivity}, 
  year={2014},
  volume={},
  number={},
  pages={4119-4122},
  doi={10.1109/EMBC.2014.6944530}}


